
<?xml version="1.0" encoding="UTF-8"?><record xmlns="http://www.loc.gov/MARC21/slim" xmlns:zs="http://docs.oasis-open.org/ns/search-ws/sruResponse">
  <leader>00704cam a2200241   4500</leader>
  <controlfield tag="001">3181893</controlfield>
  <controlfield tag="005">19840413000000.0</controlfield>
  <controlfield tag="008">700522t19701926nyu           000 0 eng  </controlfield>
  <datafield ind1=" " ind2=" " tag="035">
    <subfield code="9">(DLC)   76114376</subfield>
  </datafield>
  <datafield ind1=" " ind2=" " tag="906">
    <subfield code="a">7</subfield>
    <subfield code="b">cbc</subfield>
    <subfield code="c">orignew</subfield>
    <subfield code="d">u</subfield>
    <subfield code="e">ncip</subfield>
    <subfield code="f">19</subfield>
    <subfield code="g">y-gencatlg</subfield>
  </datafield>
  <datafield ind1=" " ind2=" " tag="010">
    <subfield code="a">   76114376 </subfield>
  </datafield>
  <datafield ind1=" " ind2=" " tag="040">
    <subfield code="a">DLC</subfield>
    <subfield code="c">DLC</subfield>
    <subfield code="d">DLC</subfield>
  </datafield>
  <datafield ind1="0" ind2="0" tag="050">
    <subfield code="a">PS3505.U334</subfield>
    <subfield code="b">I8 1970</subfield>
  </datafield>
  <datafield ind1="0" ind2="0" tag="082">
    <subfield code="a">811/.5/2</subfield>
  </datafield>
  <datafield ind1="1" ind2=" " tag="100">
    <subfield code="a">Cummings, E. E.</subfield>
    <subfield code="q">(Edward Estlin),</subfield>
    <subfield code="d">1894-1962.</subfield>
  </datafield>
  <datafield ind1="1" ind2="0" tag="245">
    <subfield code="a">Is 5.</subfield>
  </datafield>
  <datafield ind1=" " ind2=" " tag="260">
    <subfield code="a">New York,</subfield>
    <subfield code="b">Liveright</subfield>
    <subfield code="c">[1970, c1926]</subfield>
  </datafield>
  <datafield ind1=" " ind2=" " tag="300">
    <subfield code="a">115 p.</subfield>
    <subfield code="c">21 cm.</subfield>
  </datafield>
  <datafield ind1=" " ind2=" " tag="350">
    <subfield code="a">1.95</subfield>
  </datafield>
  <datafield ind1="0" ind2=" " tag="490">
    <subfield code="a">Liveright paperbound edition</subfield>
  </datafield>
  <datafield ind1=" " ind2=" " tag="500">
    <subfield code="a">Poems.</subfield>
  </datafield>
  <datafield ind1=" " ind2=" " tag="500">
    <subfield code="a">"Liveright L-2."</subfield>
  </datafield>
  <datafield ind1=" " ind2=" " tag="991">
    <subfield code="b">c-GenColl</subfield>
    <subfield code="h">PS3505.U334</subfield>
    <subfield code="i">I8 1970</subfield>
    <subfield code="p">00058367291</subfield>
    <subfield code="t">Copy 1</subfield>
    <subfield code="w">BOOKS</subfield>
  </datafield>
</record>
